@book{2008higham-fm,
    author = "Nicholas J. Higham",
    title = "Functions of Matrices: {Theory} and Computation",
    publisher = "Society for Industrial and Applied Mathematics",
    address = "Philadelphia, PA, USA",
    year = 2008,
    pages = "xx+425",
    doi = "10.1137/1.9780898717778",
    isbn = "978-0-898716-46-7",
    bibdate = "Thu Feb 7 21:51:54 GMT 2008",
    created = "2008.02.07",
    updated = "2014.05.30"
}